
% LN
@ARTICLE{ln,
   author = {{Ba}, J. and {Kiros}, J.~R. and {Hinton}, G.~E.},
    title = "{Layer Normalization}",
  journal = {ArXiv e-prints},
archivePrefix = "arXiv",
   eprint = {1607.06450},
 primaryClass = "stat.ML",
 keywords = {Statistics - Machine Learning, Computer Science - Learning},
     year = 2016,
    month = jul,
   adsurl = {http://adsabs.harvard.edu/abs/2016arXiv160706450L},
  adsnote = {Provided by the SAO/NASA Astrophysics Data System}
}

% Fast & Slow Weights
@ARTICLE{fw,
   author = {{Ba}, J. and {Hinton}, G. and {Mnih}, V. and {Leibo}, J.~Z. and 
	{Ionescu}, C.},
    title = "{Using Fast Weights to Attend to the Recent Past}",
  journal = {ArXiv e-prints},
archivePrefix = "arXiv",
   eprint = {1610.06258},
 primaryClass = "stat.ML",
 keywords = {Statistics - Machine Learning, Computer Science - Learning, Computer Science - Neural and Evolutionary Computing},
     year = 2016,
    month = oct,
   adsurl = {http://adsabs.harvard.edu/abs/2016arXiv161006258B},
  adsnote = {Provided by the SAO/NASA Astrophysics Data System}
}

% Memory Transformation enhanced RL
@article{richards,
  title={Memory Transformation Enhances Reinforcement Learning in Dynamic Environments},
  author={{Santoro}, A. and {Frankland}, PW. and {Richards}, BA.},
  journal={Journal of Neuroscience},
  year={2016},
  volume = {36},
  number = {48},
  pages = {12228--12242}
}

% Computational Principles of Memory Consolidation
@article{pld,
  title={Computational principles of synaptic memory consolidation},
  author={{Benna}, MK. and {Fusi}, S.},
  journal={Nature Neuroscience},
  year={2016},
  volume = {19},
  pages = {1697--1706}
}

% DNC
@article{dnc,
  author    = {Alex Graves and
               Greg Wayne and
               Malcolm Reynolds and
               Tim Harley and
               Ivo Danihelka and
               Agnieszka Grabska{-}Barwinska and
               Sergio Gomez Colmenarejo and
               Edward Grefenstette and
               Tiago Ramalho and
               John Agapiou and
               Adri{\`{a}} Puigdom{\`{e}}nech Badia and
               Karl Moritz Hermann and
               Yori Zwols and
               Georg Ostrovski and
               Adam Cain and
               Helen King and
               Christopher Summerfield and
               Phil Blunsom and
               Koray Kavukcuoglu and
               Demis Hassabis},
  title     = {Hybrid computing using a neural network with dynamic external memory},
  journal   = {Nature},
  volume    = {538},
  number    = {7626},
  pages     = {471--476},
  year      = {2016}
}

% NTM
@ARTICLE{ntm,
   author = {{Graves}, A. and {Wayne}, G. and {Danihelka}, I.},
    title = "{Neural Turing Machines}",
  journal = {ArXiv e-prints},
archivePrefix = "arXiv",
   eprint = {1410.5401},
 keywords = {Computer Science - Neural and Evolutionary Computing},
     year = 2014,
    month = oct,
   adsurl = {http://adsabs.harvard.edu/abs/2014arXiv1410.5401G},
  adsnote = {Provided by the SAO/NASA Astrophysics Data System}
}
